
<record>
  <controlfield tag="001">377392</controlfield>
  <datafield tag="035" ind1=" " ind2=" ">
    <subfield code="a">Buskulic:1994ma</subfield>
    <subfield code="9">SPIRESTeX</subfield>
  </datafield>
  <datafield tag="037" ind1=" " ind2=" ">
    <subfield code="a">PU-PHY-94-582</subfield>
  </datafield>
  <datafield tag="710" ind1=" " ind2=" ">
    <subfield code="g">ALEPH</subfield>
  </datafield>
  <datafield tag="245" ind1=" " ind2=" ">
    <subfield code="a">Measurement of the b ---&gt; tau- anti-tau-neutrino X inclusive / exclusive branching ratios</subfield>
  </datafield>
</record>